@misc{coursehero2024,
  author = {},
  title = {Políticas de Mantenimiento de Llaves Foráneas},
  howpublished = {\url{https://www.coursehero.com/file/208281567/Politicas-de-mantenimiento-de-llaves-foraneas/}},
  year = {2024},
  note = {Accedido: 14-octubre-2024}
}

@misc{uam2024,
  author = {},
  title = {SQL Tablas y Llaves Foráneas},
  howpublished = {\url{https://academicos.azc.uam.mx/jfg/diapositivas/bases_datos/03_SQL_Tablas_Llaves%20Foraneas.pdf}},
  year = {2024},
  note = {Accedido: 14-octubre-2024}
}

@misc{runebook2024,
  author = {},
  title = {PostgreSQL: Ejemplo de llaves foráneas},
  howpublished = {\url{https://runebook.dev/es/docs/postgresql/tutorial-fk}},
  year = {2024},
  note = {Accedido: 14-octubre-2024}
}

@misc{jmjinformatico2022,
  author = {},
  title = {Cómo utilizar llaves foráneas en SQL},
  howpublished = {\url{https://www.jmjinformatico.es/2022/07/llaves-foraneas-sql.html}},
  year = {2022},
  note = {Accedido: 14-octubre-2024}
}

@misc{tutorialesprogramacionya2024,
  author = {},
  title = {Restricciones en PostgreSQL},
  howpublished = {\url{https://www.tutorialesprogramacionya.com}},
  year = {2024},
  note = {Accedido: 14

@misc{jmjinformatico2024,
  author = {},
  title = {Cómo hacer llaves foráneas en SQL},
  howpublished = {\url{https://jmjinformatico.es/como-hacer-llaves-foraneas-en-sql/?expand_article=1}},
  year = {2024},
  note = {Accedido: 14-octubre-2024}
}

@misc{uam2024,
  author = {},
  title = {SQL Tablas y Llaves Foráneas},
  howpublished = {\url{https://academicos.azc.uam.mx/jfg/diapositivas/bases_datos/03_SQL_Tablas_Llaves%20Foraneas.pdf}},
  year = {2024},
  note = {Accedido: 14-octubre-2024}
}
