@book{knuth1997art,
  title={The Art of Computer Programming},
  author={Knuth, Donald E},
  volume={3},
  year={1997},
  publisher={Addison-Wesley}
}
