@article{martins2024,
  author = {John Martins},
  title = {An Example Article},
  journal = {Journal of Examples},
  year = {2024},
}

@article{lucidchart-2023,
  author = {Lucidchart},
  title = {Qué es un diagrama entidad-relación},
  journal = {Lucidchart},
  year = {2023},
  url = {https://www.lucidchart.com/pages/es/que-es-un-diagrama-entidad-relacion},
  urldate = {2024-09-05}
}